@ARTICLE{Bankevich2011,
    keywords = {authorpapersVAK},
    author = {Банкевич, С. В. and Назаров, А. И.},
    addendum = {(\todo{}~п.~л.)},
    title = {Об обобщении неравенства Пойа-Сеге для одномерных функционалов},
    journal = {Доклады Академии Наук},
    year = {2011},
    volume = {438},
    number = {1},
    pages = {11--13},
    language = {russian}
}

@ARTICLE{Bankevich2015,
    keywords = {authorpapersVAK},
    author = {Bankevich, S. V. and Nazarov, A. I.},
    addendum = {(\todo{}~п.~л.)},
    title = {On monotonicity of some functionals under rearrangements},
    journal = {Calc. Var. and PDEs},
    year = {2015},
    volume = {53},
    number = {3-4},
    pages = {627--647},
    language = {english}
}

@ARTICLE{Bankevich2016,
    keywords = {authorpapersVAK},
    author = {Банкевич, С. В.},
    addendum = {(\todo{}~п.~л.)},
    title = {О монотонности некоторых функционалов при монотонной перестановке по одной переменной},
    journal = {Зап. научн. сем. ПОМИ},
    year = {2016},
    volume = {444},
    pages = {5--14},
    language = {russian}
}

@ARTICLE{Bankevich2018,
    keywords = {authorpapersVAK},
    author = {Банкевич, С. В.},
    addendum = {(\todo{}~п.~л.)},
    title = {О неравенстве Пойи--Сегё для функционалов с переменным показателем суммирования},
    journal = {Функц. анализ и его прил.},
    year = {2018},
    volume = {52},
    issue = {1},
    pages = {56--60},
    language = {russian}
}

