@inproceedings{Suzdal2006,
    author = {Банкевич, С. В. and Назаров, А. И.},
    title = {О поведении некоторых функционалов при монотонных перестановках},
    booktitle = {Международная конференция по дифференциальным уравнениям и динамическим системам. Тезисы докладов},
    year = {2006},
    address = {Владимир},
    pages = {26},
    language = {russian},
    keywords = {proceedings}
}

@inproceedings{Approximation2010,
    author = {Банкевич, С. В.},
    title = {О свойствах монотонной перестановки},
    booktitle = {Международная конференция <<Теория приближений>>. Тезисы докладов},
    year = {2010},
    address = {СПб},
    pages = {3},
    language = {russian},
    keywords = {proceedings}
}

@inproceedings{Petrovskii2011,
    author = {Bankevich, S. V.},
    title = {On monotonicity of some functionals under rearrangements},
    booktitle = {Международная конференция «Дифференциальные уравнения и смежные вопросы», посвящённая 110-летию И. Г. Петровского.
        Сборник тезисов},
    year = {2011},
    address = {М.},
    pages = {26},
    language = {english},
    keywords = {proceedings}
}

@inproceedings{Suzdal2016,
    author = {Bankevich, S. V.},
    title = {The Pólya-Szegő type inequality with variable exponent},
    booktitle = {Международная конференция по дифференциальным уравнениям и динамическим системам. Тезисы докладов},
    year = {2016},
    pages = {242},
    language = {english},
    keywords = {proceedings}
}

