% ГОСТ Р 7.0.11-2011, Приложение Б, Книги
@BOOK{LiebLoss,
    author = {Либ, Э. and Лосс, М.},
    title = {Анализ},
    address = {Новосибирск},
    publisher = {Научная книга},
    year = {1998},
    numpages = {276},
    language = {Russian}
}

@BOOK{BGH,
    author = {Буттаццо, Дж. and Джаквинта, М. and Гильдебрандт, С.},
    title = {Одномерные вариационные задачи. Введение},
    address = {Новосибирск},
    publisher = {Научная книга},
    year = {2002},
    numpages = {246},
    language = {Russian}
}

@BOOK{Gariepy,
    author = {Эванс, Л.К. and Гариепи, Р. Ф.},
    title = {Теория меры и тонкие свойства функций},
    address = {Новосибирск},
    publisher = {Научная книга},
    year = {2002},
    numpages = {216},
    language = {Russian}
}

@BOOK{Kawohl,
    author = {Kawohl, B.},
    title = {Rearrangements and convexity of level sets in PDE},
    address = {Berlin},
    publisher = {Springer Verlag},
    year = {1985},
    series = {Lecture notes in mathematics 1150},
    numpages = {134},
    language = {English}
}

@BOOK{Rudin,
    author = {Рудин, У.},
    title = {Функциональный анализ},
    address = {М.},
    publisher = {Мир},
    year = {1975},
    numpages = {444},
    language = {Russian}
}

@BOOK{Krasnoselsky,
    author = {Красносельский, М. А. and Забрейко, П. П. and Пустыльник, Е. И. and Соболевский, П. Е.},
    title = {Интегральные операторы в пространствах суммируемых функций},
    address = {М.},
    publisher = {Наука},
    year = {1966},
    numpages = {500},
    language = {Russian}
}

@BOOK{Ruzicka,
    author = {Diening, L. and Harjulehto, P. and H\"ast\"o, P. and Ru\v{z}i\v{c}ka, M.},
    title = {Lebesgue and Sobolev spaces with Variable Exponents},
    series = {Lecture Notes in Mathematics},
    number = {2017},
    address = {Berlin},
    publisher = {Springer},
    year = {2011},
    numpages = {IX, 509},
    language = {English}
}

@BOOK{ZhikovBook,
    author = {Жиков, В. В.},
    title = {О вариационных задачах и нелинейных эллиптических уравнениях с нестандартными условиями роста},
    address = {Новосибирск},
    publisher = {Т. Рожковская},
    year = {2017},
    numpages = {120},
    language = {Russian}
}

@BOOK{Sharapudinov,
    author = {Шарапудинов, И. И.},
    title = {Некоторые вопросы теории приближений в пространствах Лебега с переменным показателем},
    series = {Итоги науки. Юг России. Математическая монография},
    number = {5},
    address = {Владикавказ},
    publisher = {ЮМИ ВНЦ РАН и РСО-А},
    year = {2012},
    numpages = {267},
    language = {Russian}
}

% ГОСТ Р 7.0.11-2011, Приложение Б, Статьи

@ARTICLE{Brock,
    author = {Brock, F.},
    title = {Weighted Dirichlet-type inequalities for Steiner symmetrization},
    journal = {Calc. Var. and PDEs},
    year = {1999},
    volume = {8},
    number = {1},
    pages = {15--25},
    language = {English}
}

@ARTICLE{Landes,
    author = {Landes, R.},
    title =  {Some remarks on rearrangements and functionals with non-constant density},
    journal = {Math. Nachr},
    year = {2007},
    volume = {280},
    number = {5--6},
    pages = {560--570},
    language = {English}
}

@ARTICLE{ASC,
    author = {Alberti, G. and Serra~Cassano, F.},
    title =  {Non-occurrence of gap for one-dimensional autonomous functionals},
    journal = {Proceedings of ``Calc. Var., Homogen. and Cont. Mech.''},
    editor = {Bouchitt\'e, G. and Buttazzo, G. and Suquet, P.},
    address = {Singapore},
    year = {1994},
    pages = {1--17},
    language = {English}
}

@ARTICLE{Talenti,
    author = {Talenti, G.},
    title =  {The art of rearranging},
    journal = {Milan Journ of Math},
    year = {2016},
    volume = {84},
    number = {1},
    pages = {105--157},
    language = {English}
}

